<?xml version="1.0" encoding="UTF-8"?><collection xmlns="http://www.loc.gov/MARC21/slim"><record><leader>00338nam--2200121-i-4500</leader><controlfield tag="001">000018680</controlfield><controlfield tag="002">20161230</controlfield><controlfield tag="005">20161230201032</controlfield><controlfield tag="008">060222s1000------------r-----000-0-eng-d</controlfield><datafield ind1=" " ind2=" " tag="245"><subfield code="a">Elektrostatische generatoren.eine sammlung von aufsatzen</subfield></datafield><datafield ind1=" " ind2=" " tag="260"><subfield code="a">Berlin, Akademie-verlag, 1963.234 P.Cu 218 Fig</subfield></datafield><datafield ind1=" " ind2=" " tag="700"><subfield code="a">Walter, Von A.K</subfield></datafield><datafield ind1=" " ind2=" " tag="852"><subfield code="a">9743</subfield></datafield></record></collection>